<record><leader>00000cas a2200000 a 4500</leader><controlfield tag="001">12257311</controlfield><controlfield tag="008">850712d19081919ksuwr ne      0    0eng d</controlfield><datafield ind1=" " ind2=" " tag="010"><subfield code="a">sn 85031425 </subfield></datafield><datafield ind1=" " ind2=" " tag="040"><subfield code="a">KSH</subfield><subfield code="b">eng</subfield><subfield code="c">KSH</subfield><subfield code="d">NPT</subfield><subfield code="d">OCL</subfield><subfield code="d">OCLCQ</subfield></datafield><datafield ind1=" " ind2=" " tag="042"><subfield code="a">msc</subfield></datafield><datafield ind1="0" ind2=" " tag="130"><subfield code="a">Weekly independent (Coffeyville, Kan.)</subfield></datafield><datafield ind1="1" ind2="4" tag="245"><subfield code="a">The weekly independent.</subfield></datafield><datafield ind1=" " ind2=" " tag="260"><subfield code="a">Coffeyville, Kan. :</subfield><subfield code="b">C.W. Kent,</subfield><subfield code="c">1908-1919.</subfield></datafield><datafield ind1=" " ind2=" " tag="300"><subfield code="a">11 v. :</subfield><subfield code="b">ill. ;</subfield><subfield code="c">55 cm.</subfield></datafield><datafield ind1=" " ind2=" " tag="310"><subfield code="a">Weekly</subfield></datafield><datafield ind1="0" ind2=" " tag="362"><subfield code="a">Vol. 15, no. 56 (Jan. 16, 1908)-v. 26, no. 29 (Mar. 20, 1919).</subfield></datafield><datafield ind1=" " ind2=" " tag="752"><subfield code="a">United States</subfield><subfield code="b">Kansas</subfield><subfield code="c">Montgomery</subfield><subfield code="d">Coffeyville.</subfield></datafield><datafield ind1="0" ind2="0" tag="780"><subfield code="t">Semi-weekly independent (Coffeyville, Kan.)</subfield><subfield code="w">(DLC)sn 85031424</subfield></datafield><datafield ind1="0" ind2="5" tag="780"><subfield code="t">Tyro truth</subfield><subfield code="g">May 16, 1918</subfield><subfield code="w">(DLC)sn 85030383</subfield></datafield><datafield ind1="0" ind2="5" tag="780"><subfield code="t">Liberty sentinel</subfield><subfield code="g">Apr. 29, 1909</subfield><subfield code="w">(DLC)sn 85030412</subfield></datafield></record>